@article{maxwell1868governors,
  title={I. On governors},
  author={Maxwell, James Clerk},
  journal={Proceedings of the Royal Society of London},
  number={16},
  pages={270--283},
  year={1868},
  publisher={The Royal Society London}
}
@book{wiener2019cybernetics,
  title={Cybernetics or Control and Communication in the Animal and the Machine},
  author={Wiener, Norbert},
  year={2019},
  publisher={MIT press}
}
@book{lyapunov1992general,
  title={General problem of the stability of motion},
  author={Lyapunov, Aleksandr Mikhailovich},
  volume={55},
  number={3},
  year={1992},
  publisher={CRC Press}
}
@article{kalman1960contributions,
  title={Contributions to the theory of optimal control},
  author={Kalman, Rudolf Emil and others},
  journal={Bol. soc. mat. mexicana},
  volume={5},
  number={2},
  pages={102--119},
  year={1960}
}
@article{bellman1966dynamic,
  title={Dynamic programming},
  author={Bellman, Richard},
  journal={Science},
  volume={153},
  number={3731},
  pages={34--37},
  year={1966},
  publisher={American Association for the Advancement of Science}
}
@article{awtar2002mechatronic,
  title={Mechatronic design of a ball-on-plate balancing system},
  author={Awtar, Shorya and Bernard, C and Boklund, N and Master, A and Ueda, D and Craig, Kevin},
  journal={Mechatronics},
  volume={12},
  number={2},
  pages={217--228},
  year={2002},
  publisher={Elsevier}
}
@article{zhao2014multiple,
  title={On multiple model adaptive control strategy research of ball and plate system},
  author={Zhao, Bao Yong and Li, Xiao Li},
  journal={Advanced Materials Research},
  volume={898},
  pages={501--505},
  year={2014},
  publisher={Trans Tech Publ}
}
@inproceedings{han2012tracking,
  title={Tracking control of ball and plate system using a improved PSO on-line training PID neural network},
  author={Han, Kyongwon and Tian, Yantao and Kong, Yongsu and Li, Jinsong and Zhang, Yinghui},
  booktitle={2012 IEEE international conference on mechatronics and automation},
  pages={2297--2302},
  year={2012},
  organization={IEEE}
}
@inproceedings{debono2015application,
  title={Application of sliding mode control to the ball and plate problem},
  author={Debono, David and Bugeja, Marvin},
  booktitle={2015 12th International Conference on Informatics in Control, Automation and Robotics (ICINCO)},
  volume={1},
  pages={412--419},
  year={2015},
  organization={IEEE}
}
@article{yuan2010modelling,
  title={Modelling and control scheme of the ball--plate trajectory-tracking pneumatic system with a touch screen and a rotary cylinder},
  author={Yuan, Dongfeng and Zhang, Zhenhao},
  journal={IET control theory \& applications},
  volume={4},
  number={4},
  pages={573--589},
  year={2010},
  publisher={IET}
}
@article{das2017improved,
  title={Improved performance of cascaded fractional-order SMC over cascaded SMC for position control of a ball and plate system},
  author={Das, Arindam and Roy, Prasanta},
  journal={IETE Journal of Research},
  volume={63},
  number={2},
  pages={238--247},
  year={2017},
  publisher={Taylor \& Francis}
}
@inproceedings{ham2015development,
  title={Development of a ball and plate system},
  author={Ham, Chan and Taufiq, Mohsin Mohammad},
  booktitle={2015 ASEE Annual Conference \& Exposition},
  pages={26--518},
  year={2015}
}
@inproceedings{madhumitha2021design,
  title={Design and development of a ball-plate balancing system with a smart phone human-machine interface},
  author={Madhumitha, G and Kumar, S Suresh and Gurupriya, A},
  booktitle={Journal of Physics: Conference Series},
  volume={1969},
  number={1},
  pages={012057},
  year={2021},
  organization={IOP Publishing}
}
@inproceedings{bdoor2016design,
  title={Design and implementation of a vision-based control for a ball and plate system},
  author={Bdoor, Salah Reda and Ismail, Osama and Roman, Magdy Raouf and Hendawi, Yehia},
  booktitle={2016 2nd International Conference on Industrial Engineering, Applications and Manufacturing (ICIEAM)},
  pages={1--4},
  year={2016},
  organization={IEEE}
}
@inproceedings{stander2017low,
  title={Low-Cost “ball and Plate” design and implementation for learning control systems},
  author={Stander, Deejay and Jim{\'e}nez-Leudo, Santiago and Quijano, Nicanor},
  booktitle={2017 IEEE 3rd Colombian Conference on Automatic Control (CCAC)},
  pages={1--6},
  year={2017},
  organization={IEEE}
}
@inproceedings{adiprasetya2016implementation,
  title={Implementation of PID controller and pre-filter to control non-linear ball and plate system},
  author={Adiprasetya, Agung and Wibowo, Agung Surya},
  booktitle={2016 International conference on control, electronics, renewable energy and communications (ICCEREC)},
  pages={174--178},
  year={2016},
  organization={IEEE}
}
@article{fabregas2017virtual,
  title={Virtual and remote laboratory with the ball and plate system},
  author={Fabregas, Ernesto and Dormido-Canto, Sebasti{\'a}n and Dormido, Sebasti{\'a}n},
  journal={IFAC-PapersOnLine},
  volume={50},
  number={1},
  pages={9132--9137},
  year={2017},
  publisher={Elsevier}
}
@article{kassem2015commparison,
  title={Commparison between different methods of control of ball and plate system with 6dof stewart platform},
  author={Kassem, Aghiad and Haddad, Hassan and Albitar, Chadi},
  journal={IFAC-PapersOnLine},
  volume={48},
  number={11},
  pages={47--52},
  year={2015},
  publisher={Elsevier}
}
@inproceedings{betancourt2019fuzzy,
  title={Fuzzy and PID controllers applied to ball and plate system},
  author={Betancourt, Faiber I Robayo and Alarcon, Samuel M Brand and Velasquez, Luisa F Aristizabal},
  booktitle={2019 IEEE 4th Colombian Conference on Automatic Control (CCAC)},
  pages={1--6},
  year={2019},
  organization={IEEE}
}
@article{zarzycki2021fast,
  title={Fast real-time model predictive control for a ball-on-plate process},
  author={Zarzycki, Krzysztof and {\L}awry{\'n}czuk, Maciej},
  journal={Sensors},
  volume={21},
  number={12},
  pages={3959},
  year={2021},
  publisher={MDPI}
}
@inproceedings{jafari2012linear,
  title={Linear Quadratic Gaussian Control for ball and plate system},
  author={Jafari, H and Rahimpour, A and Pourrahim, M and Hashemzadeh, F},
  booktitle={2012 international conference on computer, control, education and management},
  pages={1--7},
  year={2012}
}
@book{nise2020control,
  title={Control systems engineering},
  author={Nise, Norman S},
  year={2020},
  publisher={John Wiley \& Sons}
}
@article{santanacob,
  title={COB-2021-0636 Physical Modeling and Parameters Identification of the MG995 Servomotor},
  author={Santana, Luiz Manoel Santos and Maximo, Marcos ROA and G{\'o}es, Luiz Carlos Sandoval}
}
@article{nokhbeh2011modelling,
  title={Modelling and control of ball-plate system},
  author={Nokhbeh, Mohammad and Khashabi, Daniel and Talebi, HA},
  journal={Amirkabir University of Technology},
  year={2011}
}